% This file was created with JabRef 2.6.
% Encoding: Cp1252

@ELECTRONIC{example,
  author = {National Instruments},
  url = {http://digital.ni.com/public.nsf/websearch/C6DD5A699FDD5EA5862570A100719B8E/$FILE/3D%20Graph.gif},
  owner = {bhilburn},
  timestamp = {2011.05.18}
}

@comment{jabref-meta: selector_publisher:}

@comment{jabref-meta: selector_author:}

@comment{jabref-meta: selector_journal:}

@comment{jabref-meta: selector_keywords:}

